@online{NCI_2021, 
    author = {{Nacional Cancer Institute}},
    title = {Cancer Stat Facts: Female Breast Cancer},
    year = 2021,
    url = {https://seer.cancer.gov/statfacts/html/breast.html},
    urldate = {2021-07-12}
}


@article{de_rezende_telerehabilitation_2021,
	title = {Telerehabilitation for patients with breast cancer through the {COVID}-19 pandemic},
	volume = {185},
	issn = {0167-6806, 1573-7217},
	url = {http://link.springer.com/10.1007/s10549-020-05926-6},
	doi = {10.1007/s10549-020-05926-6},
	language = {en},
	number = {1},
	urldate = {2021-05-12},
	journal = {Breast Cancer Research and Treatment},
	author = {de Rezende, Laura Ferreira and Francisco, Vinícius Emanoel and Franco, Ricardo Laier},
	month = jan,
	year = {2021},
	pages = {257--259},
}


@article{galiano-castillo_agreement_2014,
	title = {Agreement between telerehabilitation involving caregivers and face-to-face clinical assessment of lymphedema in breast cancer survivors},
	volume = {22},
	issn = {0941-4355, 1433-7339},
	url = {http://link.springer.com/10.1007/s00520-013-1971-8},
	doi = {10.1007/s00520-013-1971-8},
	language = {en},
	number = {1},
	urldate = {2021-05-12},
	journal = {Supportive Care in Cancer},
	author = {Galiano-Castillo, N. and Ariza-García, A. and Cantarero-Villanueva, I. and Fernández-Lao, C. and Sánchez-Salado, C. and Arroyo-Morales, M.},
	month = jan,
	year = {2014},
	pages = {253--258},
}


@article{van_der_linden_feasibility_2018,
	title = {Feasibility of the evidence-based cognitive telerehabilitation program  {Remind} for patients with primary brain tumors},
	volume = {137},
	issn = {0167-594X, 1573-7373},
	url = {http://link.springer.com/10.1007/s11060-017-2738-8},
	doi = {10.1007/s11060-017-2738-8},
	language = {en},
	number = {3},
	urldate = {2021-05-12},
	journal = {Journal of Neuro-Oncology},
	author = {van der Linden, Sophie D. and Sitskoorn, Margriet M. and Rutten, Geert-Jan M. and Gehring, Karin},
	month = may,
	year = {2018},
	pages = {523--532},
}


@article{iacono_scoping_2016,
	title = {A scoping review of {Australian} allied health research in ehealth},
	volume = {16},
	issn = {1472-6963},
	url = {http://bmchealthservres.biomedcentral.com/articles/10.1186/s12913-016-1791-x},
	doi = {10.1186/s12913-016-1791-x},
	language = {en},
	number = {1},
	urldate = {2021-05-12},
	journal = {BMC Health Services Research},
	author = {Iacono, Teresa and Stagg, Kellie and Pearce, Natalie and Hulme Chambers, Alana},
	month = dec,
	year = {2016},
	pages = {543},
}

@online{ITU, 
    author = {{International Telecommunication Union}},
    title = {Global and Regional {ICT} Data},
    year = 2021,
    url = {https://www.itu.int/en/ITU-D/Statistics/Pages/stat/default.aspx},
    note = {Accessed: 2021-05-11}
}

@Inbook{Nahler2009,
author="Nahler, Gerhard",
title="health-related quality of life (HRQOL)",
bookTitle="Dictionary of Pharmaceutical Medicine",
year="2009",
publisher="Springer Vienna",
address="Vienna",
pages="86--86",
abstract="Narrower term than quality of life; it includes that well being of a patient is influenced also by factors unrelated to disease or treatment e.g. education, environment a.s.o.",
isbn="978-3-211-89836-9",
doi="10.1007/978-3-211-89836-9_639",
url="https://doi.org/10.1007/978-3-211-89836-9_639"
}

@Inbook{Sisto2018,
author="Sisto, Sue Ann",
editor="Kreutzer, Jeffrey S. and DeLuca, John and Caplan, Bruce",
title="Functional Assessment",
bookTitle="Encyclopedia of Clinical Neuropsychology",
year="2018",
publisher="Springer International Publishing",
address="Cham",
pages="1514--1514",
isbn="978-3-319-57111-9",
doi="10.1007/978-3-319-57111-9_1781",
url="https://doi.org/10.1007/978-3-319-57111-9_1781"
}


@article{kapoor_mobile_2020,
	title = {Mobile applications for breast cancer survivorship and self-management: {A} systematic review},
	volume = {26},
	issn = {1460-4582, 1741-2811},
	shorttitle = {Mobile applications for breast cancer survivorship and self-management},
	url = {http://journals.sagepub.com/doi/10.1177/1460458220950853},
	doi = {10.1177/1460458220950853},
	language = {en},
	number = {4},
	urldate = {2021-06-14},
	journal = {Health Informatics Journal},
	author = {Kapoor, Akshat and Nambisan, Priya and Baker, Elizabeth},
	month = dec,
	year = {2020},
	pages = {2892--2905},
}


@article{kumar_mobile_2021,
	title = {Mobile and {Wearable} {Sensing} {Frameworks} for {mHealth} {Studies} and {Applications}: {A} {Systematic} {Review}},
	volume = {2},
	issn = {2691-1957, 2637-8051},
	shorttitle = {Mobile and {Wearable} {Sensing} {Frameworks} for {mHealth} {Studies} and {Applications}},
	url = {https://dl.acm.org/doi/10.1145/3422158},
	doi = {10.1145/3422158},
	language = {en},
	number = {1},
	urldate = {2021-06-14},
	journal = {ACM Transactions on Computing for Healthcare},
	author = {Kumar, Devender and Jeuris, Steven and Bardram, Jakob E. and Dragoni, Nicola},
	month = jan,
	year = {2021},
	pages = {1--28},
}

@article{jongerius_research-tested_2019,
	title = {Research-{Tested} {Mobile} {Apps} for {Breast} {Cancer} {Care}: {Systematic} {Review}},
	volume = {7},
	issn = {2291-5222},
	shorttitle = {Research-{Tested} {Mobile} {Apps} for {Breast} {Cancer} {Care}},
	url = {http://mhealth.jmir.org/2019/2/e10930/},
	doi = {10.2196/10930},
	language = {en},
	number = {2},
	urldate = {2021-06-14},
	journal = {JMIR mHealth and uHealth},
	author = {Jongerius, Chiara and Russo, Selena and Mazzocco, Ketti and Pravettoni, Gabriella},
	month = feb,
	year = {2019},
	pages = {e10930},
}